<!DOCTYPE html>
<meta charset="utf-8" />
<!-- version 1 -->
<title>UU replay: CamarasaPi vs. Phinks7</title>
<style>
html,body {font-family:Verdana, sans-serif;font-size:10pt;margin:0;padding:0;}body{padding:12px 0;} .battle-log {font-family:Verdana, sans-serif;font-size:10pt;} .battle-log-inline {border:1px solid #AAAAAA;background:#EEF2F5;color:black;max-width:640px;margin:0 auto 80px;padding-bottom:5px;} .battle-log .inner {padding:4px 8px 0px 8px;} .battle-log .inner-preempt {padding:0 8px 4px 8px;} .battle-log .inner-after {margin-top:0.5em;} .battle-log h2 {margin:0.5em -8px;padding:4px 8px;border:1px solid #AAAAAA;background:#E0E7EA;border-left:0;border-right:0;font-family:Verdana, sans-serif;font-size:13pt;} .battle-log .chat {vertical-align:middle;padding:3px 0 3px 0;font-size:8pt;} .battle-log .chat strong {color:#40576A;} .battle-log .chat em {padding:1px 4px 1px 3px;color:#000000;font-style:normal;} .chat.mine {background:rgba(0,0,0,0.05);margin-left:-8px;margin-right:-8px;padding-left:8px;padding-right:8px;} .spoiler {color:#BBBBBB;background:#BBBBBB;padding:0px 3px;} .spoiler:hover, .spoiler:active, .spoiler-shown {color:#000000;background:#E2E2E2;padding:0px 3px;} .spoiler a {color:#BBBBBB;} .spoiler:hover a, .spoiler:active a, .spoiler-shown a {color:#2288CC;} .chat code, .chat .spoiler:hover code, .chat .spoiler:active code, .chat .spoiler-shown code {border:1px solid #C0C0C0;background:#EEEEEE;color:black;padding:0 2px;} .chat .spoiler code {border:1px solid #CCCCCC;background:#CCCCCC;color:#CCCCCC;} .battle-log .rated {padding:3px 4px;} .battle-log .rated strong {color:white;background:#89A;padding:1px 4px;border-radius:4px;} .spacer {margin-top:0.5em;} .message-announce {background:#6688AA;color:white;padding:1px 4px 2px;} .message-announce a, .broadcast-green a, .broadcast-blue a, .broadcast-red a {color:#DDEEFF;} .broadcast-green {background-color:#559955;color:white;padding:2px 4px;} .broadcast-blue {background-color:#6688AA;color:white;padding:2px 4px;} .infobox {border:1px solid #6688AA;padding:2px 4px;} .infobox-limited {max-height:200px;overflow:auto;overflow-x:hidden;} .broadcast-red {background-color:#AA5544;color:white;padding:2px 4px;} .message-learn-canlearn {font-weight:bold;color:#228822;text-decoration:underline;} .message-learn-cannotlearn {font-weight:bold;color:#CC2222;text-decoration:underline;} .message-effect-weak {font-weight:bold;color:#CC2222;} .message-effect-resist {font-weight:bold;color:#6688AA;} .message-effect-immune {font-weight:bold;color:#666666;} .message-learn-list {margin-top:0;margin-bottom:0;} .message-throttle-notice, .message-error {color:#992222;} .message-overflow, .chat small.message-overflow {font-size:0pt;} .message-overflow::before {font-size:9pt;content:'...';} .subtle {color:#3A4A66;}
</style>
<div class="wrapper replay-wrapper" style="max-width:1180px;margin:0 auto">
<input type="hidden" name="replayid" value="uu-313959723" />
<div class="battle"></div><div class="battle-log"></div><div class="replay-controls"></div><div class="replay-controls-2"></div>
<h1 style="font-weight:normal;text-align:center"><strong>UU</strong><br /><a href="http://pokemonshowdown.com/users/camarasapi" class="subtle" target="_blank">CamarasaPi</a> vs. <a href="http://pokemonshowdown.com/users/phinks7" class="subtle" target="_blank">Phinks7</a></h1>
<script type="text/plain" class="battle-log-data">|j|CamarasaPi
|j|Phinks7

|player|p1|CamarasaPi|1


|player|p2|Phinks7|278
|gametype|singles
|gen|6
|tier|UU
|rated
|seed|
|rule|Sleep Clause Mod: Limit one foe put to sleep
|rule|Species Clause: Limit one of each Pokémon
|rule|OHKO Clause: OHKO moves are banned
|rule|Moody Clause: Moody is banned
|rule|Evasion Moves Clause: Evasion moves are banned
|rule|Endless Battle Clause: Forcing endless battles is banned
|rule|HP Percentage Mod: HP is shown in percentages
|clearpoke
|poke|p1|Cloyster, M
|poke|p1|Darmanitan, M
|poke|p1|Diancie
|poke|p1|Espeon, M
|poke|p1|Krookodile, F
|poke|p1|Aggron, M
|poke|p2|Absol, M
|poke|p2|Cloyster, F
|poke|p2|Froslass, F
|poke|p2|Slowking, M
|poke|p2|Lucario, M
|poke|p2|Rotom-Heat
|rule|Swagger Clause: Swagger is banned
|rule|Baton Pass Clause: Limit one Baton Passer, can't pass Spe and other stats simultaneously
|teampreview

|inactive|Battle timer is now ON: inactive players will automatically lose when time's up. (requested by Phinks7)


|choice||
|
|start
|switch|p1a: Aggron|Aggron, M|100\/100
|switch|p2a: Slowking|Slowking, M|100\/100
|turn|1

|inactive|You have 150 seconds to make your decision.


|choice||
|
|detailschange|p1a: Aggron|Aggron-Mega, M
|-mega|p1a: Aggron|Aggron|Aggronite
|move|p1a: Aggron|Stealth Rock|p2a: Slowking
|-sidestart|p2: Phinks7|move: Stealth Rock
|move|p2a: Slowking|Scald|p1a: Aggron
|-damage|p1a: Aggron|62\/100
|
|turn|2

|inactive|You have 150 seconds to make your decision.


|choice||
|
|move|p1a: Aggron|Heavy Slam|p2a: Slowking
|-resisted|p2a: Slowking
|-crit|p2a: Slowking
|-damage|p2a: Slowking|74\/100
|move|p2a: Slowking|Scald|p1a: Aggron
|-damage|p1a: Aggron|22\/100
|
|-heal|p2a: Slowking|80\/100|[from] item: Leftovers
|turn|3

|inactive|You have 150 seconds to make your decision.

|inactive|CamarasaPi has 120 seconds left.


|choice||
|
|move|p1a: Aggron|Earthquake|p2a: Slowking
|-damage|p2a: Slowking|57\/100
|move|p2a: Slowking|Scald|p1a: Aggron
|-damage|p1a: Aggron|0 fnt
|faint|p1a: Aggron
|
|-heal|p2a: Slowking|63\/100|[from] item: Leftovers


|choice||
|
|switch|p1a: Espeon|Espeon, M|100\/100
|turn|4

|inactive|You have 150 seconds to make your decision.

|inactive|Phinks7 has 120 seconds left.


|choice||
|
|move|p1a: Espeon|Shadow Ball|p2a: Slowking
|-supereffective|p2a: Slowking
|-damage|p2a: Slowking|5\/100
|-unboost|p2a: Slowking|spd|1
|-damage|p1a: Espeon|91\/100|[from] item: Life Orb
|move|p2a: Slowking|Scald|p1a: Espeon
|-damage|p1a: Espeon|53\/100
|-status|p1a: Espeon|brn
|
|-heal|p2a: Slowking|11\/100|[from] item: Leftovers
|-damage|p1a: Espeon|40\/100 brn|[from] brn
|turn|5

|inactive|You have 150 seconds to make your decision.

|inactive|Phinks7 has 120 seconds left.


|choice||
|
|move|p1a: Espeon|Shadow Ball|p2a: Slowking
|-supereffective|p2a: Slowking
|-damage|p2a: Slowking|0 fnt
|-damage|p1a: Espeon|30\/100 brn|[from] item: Life Orb
|faint|p2a: Slowking
|
|-damage|p1a: Espeon|18\/100 brn|[from] brn

|inactive|You have 150 seconds to make your decision.

|inactive|Phinks7 has 120 seconds left.


|choice||
|
|switch|p2a: Omen|Absol, M|100\/100
|-damage|p2a: Omen|88\/100|[from] Stealth Rock
|turn|6

|inactive|You have 150 seconds to make your decision.

|inactive|Phinks7 has 120 seconds left.


|choice||
|
|detailschange|p2a: Omen|Absol-Mega, M
|-mega|p2a: Omen|Absol|Absolite
|move|p1a: Espeon|Morning Sun|p1a: Espeon
|-heal|p1a: Espeon|68\/100 brn
|move|p2a: Omen|Swords Dance|p2a: Omen
|-boost|p2a: Omen|atk|2
|
|-damage|p1a: Espeon|56\/100 brn|[from] brn
|turn|7

|inactive|You have 150 seconds to make your decision.

|inactive|Phinks7 has 120 seconds left.


|choice||
|
|move|p2a: Omen|Knock Off|p1a: Espeon
|-supereffective|p1a: Espeon
|-damage|p1a: Espeon|0 fnt
|-enditem|p1a: Espeon|Life Orb|[from] move: Knock Off|[of] p2a: Omen
|faint|p1a: Espeon
|


|choice||
|
|switch|p1a: Darmanitan|Darmanitan, M|100\/100
|turn|8

|inactive|You have 150 seconds to make your decision.


|choice||
|
|move|p2a: Omen|Sucker Punch|p1a: Darmanitan
|-crit|p1a: Darmanitan
|-damage|p1a: Darmanitan|0 fnt
|faint|p1a: Darmanitan
|


|choice||
|
|switch|p1a: Cloyster|Cloyster, M|100\/100
|turn|9

|inactive|You have 150 seconds to make your decision.


|choice||
|
|move|p2a: Omen|Knock Off|p1a: Cloyster
|-damage|p1a: Cloyster|36\/100
|-enditem|p1a: Cloyster|White Herb|[from] move: Knock Off|[of] p2a: Omen
|move|p1a: Cloyster|Shell Smash|p1a: Cloyster
|-unboost|p1a: Cloyster|def|1
|-unboost|p1a: Cloyster|spd|1
|-boost|p1a: Cloyster|atk|2
|-boost|p1a: Cloyster|spa|2
|-boost|p1a: Cloyster|spe|2
|
|turn|10

|inactive|You have 150 seconds to make your decision.

|inactive|Phinks7 has 120 seconds left.


|choice||
|
|move|p2a: Omen|Sucker Punch|p1a: Cloyster
|-damage|p1a: Cloyster|0 fnt
|faint|p1a: Cloyster
|


|choice||
|
|switch|p1a: Krookodile|Krookodile, F|100\/100
|turn|11

|inactive|You have 150 seconds to make your decision.


|choice||
|
|move|p2a: Omen|Play Rough|p1a: Krookodile
|-supereffective|p1a: Krookodile
|-damage|p1a: Krookodile|0 fnt
|faint|p1a: Krookodile
|


|-message|CamarasaPi forfeited.


|
|win|Phinks7

||Ladder updating...


|l|CamarasaPi


|player|p1


|raw|CamarasaPi's rating: 1111 &rarr; <strong>1088<\/strong><br \/>(-23 for losing)
|raw|Phinks7's rating: 1137 &rarr; <strong>1160<\/strong><br \/>(+23 for winning)
</script>
</div>
<div class="battle-log battle-log-inline"><div class="inner"><div class="chat"><small>CamarasaPi joined.</small></div><div class="chat"><small>Phinks7 joined.</small></div><div style="padding:5px 0"><small>Format:</small> <br><strong>UU</strong></div><div class="rated"><strong>Rated battle</strong></div><div><small><em>Sleep Clause Mod:</em> Limit one foe put to sleep</small></div><div><small><em>Species Clause:</em> Limit one of each Pokémon</small></div><div><small><em>OHKO Clause:</em> OHKO moves are banned</small></div><div><small><em>Moody Clause:</em> Moody is banned</small></div><div><small><em>Evasion Moves Clause:</em> Evasion moves are banned</small></div><div><small><em>Endless Battle Clause:</em> Forcing endless battles is banned</small></div><div><small><em>HP Percentage Mod:</em> HP is shown in percentages</small></div><div><small><em>Swagger Clause:</em> Swagger is banned</small></div><div><small><em>Baton Pass Clause:</em> Limit one Baton Passer, can't pass Spe and other stats simultaneously</small></div><div class="chat"><strong>Phinks7's team:</strong> <em style="color:#445566;display:block;">Absol / Cloyster / Froslass / Slowking / Lucario / Rotom-Heat</em></div><div class="chat"><strong>CamarasaPi's team:</strong> <em style="color:#445566;display:block;">Cloyster / Darmanitan / Diancie / Espeon / Krookodile / Aggron</em></div><div class="chat message-error">Battle timer is now ON: inactive players will automatically lose when time's up. (requested by Phinks7)</div><div>Battle between CamarasaPi and Phinks7 started!</div><div class="spacer"></div><div>CamarasaPi sent out Aggron!</div><div class="spacer"></div><div>Go! Slowking!</div><h2>Turn 1</h2><div class="chat message-error">You have 150 seconds to make your decision.</div><div class="spacer"></div><div><small>The opposing Aggron's Aggronite is reacting to CamarasaPi's Mega Bracelet!<br>The opposing Aggron has Mega Evolved into Mega Aggron!</small></div><div class="spacer"></div><div>The opposing Aggron used <strong>Stealth Rock</strong>!</div><div><small>Pointed stones float in the air around your team!</small></div><div class="spacer"></div><div>Slowking used <strong>Scald</strong>!</div><div><small>The opposing Aggron lost 38% of its health!</small><br></div><h2>Turn 2</h2><div class="chat message-error">You have 150 seconds to make your decision.</div><div class="spacer"></div><div>The opposing Aggron used <strong>Heavy Slam</strong>!</div><div><small>It's not very effective... A critical hit! </small><small>Slowking lost 26% of its health!</small><br></div><div class="spacer"></div><div>Slowking used <strong>Scald</strong>!</div><div><small>The opposing Aggron lost 40% of its health!</small><br></div><div class="spacer"></div><div><small>Slowking restored a little HP using its Leftovers!</small></div><h2>Turn 3</h2><div class="chat message-error">You have 150 seconds to make your decision.</div><div class="chat message-error">CamarasaPi has 120 seconds left.</div><div class="spacer"></div><div>The opposing Aggron used <strong>Earthquake</strong>!</div><div><small>Slowking lost 23% of its health!</small><br></div><div class="spacer"></div><div>Slowking used <strong>Scald</strong>!</div><div><small>The opposing Aggron lost 22% of its health!</small><br></div><div class="spacer"></div><div>The opposing Aggron fainted!</div><div class="spacer"></div><div><small>Slowking restored a little HP using its Leftovers!</small></div><div class="spacer"></div><div>CamarasaPi sent out Espeon!</div><h2>Turn 4</h2><div class="chat message-error">You have 150 seconds to make your decision.</div><div class="chat message-error">Phinks7 has 120 seconds left.</div><div class="spacer"></div><div>The opposing Espeon used <strong>Shadow Ball</strong>!</div><div><small>It's super effective! </small><small>Slowking lost 58.0% of its health!</small><br></div><div><small>Slowking's Special Defense fell! </small></div><div><small>The opposing Espeon lost some of its HP!</small></div><div class="spacer"></div><div>Slowking used <strong>Scald</strong>!</div><div><small>The opposing Espeon lost 38% of its health!</small><br></div><div><small>The opposing Espeon was burned!</small></div><div class="spacer"></div><div><small>Slowking restored a little HP using its Leftovers!</small></div><div><small>The opposing Espeon was hurt by its burn!</small></div><h2>Turn 5</h2><div class="chat message-error">You have 150 seconds to make your decision.</div><div class="chat message-error">Phinks7 has 120 seconds left.</div><div class="spacer"></div><div>The opposing Espeon used <strong>Shadow Ball</strong>!</div><div><small>It's super effective! </small><small>Slowking lost 11% of its health!</small><br></div><div><small>The opposing Espeon lost some of its HP!</small></div><div class="spacer"></div><div>Slowking fainted!</div><div class="spacer"></div><div><small>The opposing Espeon was hurt by its burn!</small></div><div class="chat message-error">You have 150 seconds to make your decision.</div><div class="chat message-error">Phinks7 has 120 seconds left.</div><div class="spacer"></div><div>Go! Omen <small>(Absol)</small>!</div><div><small>Pointed stones dug into Omen!</small></div><h2>Turn 6</h2><div class="chat message-error">You have 150 seconds to make your decision.</div><div class="chat message-error">Phinks7 has 120 seconds left.</div><div class="spacer"></div><div><small>Omen's Absolite is reacting to Phinks7's Mega Bracelet!<br>Omen has Mega Evolved into Mega Absol!</small></div><div class="spacer"></div><div>The opposing Espeon used <strong>Morning Sun</strong>!</div><div><small>The opposing Espeon restored its HP.</small></div><div class="spacer"></div><div>Omen used <strong>Swords Dance</strong>!</div><div><small>Omen's Attack rose sharply! </small></div><div class="spacer"></div><div><small>The opposing Espeon was hurt by its burn!</small></div><h2>Turn 7</h2><div class="chat message-error">You have 150 seconds to make your decision.</div><div class="chat message-error">Phinks7 has 120 seconds left.</div><div class="spacer"></div><div>Omen used <strong>Knock Off</strong>!</div><div><small>It's super effective! </small><small>The opposing Espeon lost 56.0% of its health!</small><br></div><div><small>Omen knocked off the opposing Espeon's Life Orb!</small></div><div class="spacer"></div><div>The opposing Espeon fainted!</div><div class="spacer"></div><div>CamarasaPi sent out Darmanitan!</div><h2>Turn 8</h2><div class="chat message-error">You have 150 seconds to make your decision.</div><div class="spacer"></div><div>Omen used <strong>Sucker Punch</strong>!</div><div><small>A critical hit! </small><small>The opposing Darmanitan lost 100% of its health!</small><br></div><div class="spacer"></div><div>The opposing Darmanitan fainted!</div><div class="spacer"></div><div>CamarasaPi sent out Cloyster!</div><h2>Turn 9</h2><div class="chat message-error">You have 150 seconds to make your decision.</div><div class="spacer"></div><div>Omen used <strong>Knock Off</strong>!</div><div><small>The opposing Cloyster lost 64% of its health!</small><br></div><div><small>Omen knocked off the opposing Cloyster's White Herb!</small></div><div class="spacer"></div><div>The opposing Cloyster used <strong>Shell Smash</strong>!</div><div><small>The opposing Cloyster's Defense fell! The opposing Cloyster's Special Defense fell! </small></div><div><small>The opposing Cloyster's Attack rose sharply! The opposing Cloyster's Special Attack rose sharply! The opposing Cloyster's Speed rose sharply! </small></div><h2>Turn 10</h2><div class="chat message-error">You have 150 seconds to make your decision.</div><div class="chat message-error">Phinks7 has 120 seconds left.</div><div class="spacer"></div><div>Omen used <strong>Sucker Punch</strong>!</div><div><small>The opposing Cloyster lost 36% of its health!</small><br></div><div class="spacer"></div><div>The opposing Cloyster fainted!</div><div class="spacer"></div><div>CamarasaPi sent out Krookodile!</div><h2>Turn 11</h2><div class="chat message-error">You have 150 seconds to make your decision.</div><div class="spacer"></div><div>Omen used <strong>Play Rough</strong>!</div><div><small>It's super effective! </small><small>The opposing Krookodile lost 100% of its health!</small><br></div><div class="spacer"></div><div>The opposing Krookodile fainted!</div><div class="spacer"></div><div><small>CamarasaPi forfeited.</small></div><div class="spacer"></div><div>Phinks7 won the battle!</div><div class="chat">Ladder updating...</div><div class="chat"><small>CamarasaPi left.</small></div><div class="chat">CamarasaPi's rating: 1111 → <strong>1088</strong><br>(-23 for losing)</div><div class="chat">Phinks7's rating: 1137 → <strong>1160</strong><br>(+23 for winning)</div></div></div>
</div>
<script>
var daily = Math.floor(Date.now()/1000/60/60/24);document.write('<script src="https://play.pokemonshowdown.com/js/replay-embed.js?version'+daily+'"></'+'script>');
</script>
